@book{lee2017introduction,
  title={Introduction to embedded systems: A cyber-physical systems approach},
  author={Lee, Edward Ashford and Seshia, Sanjit Arunkumar},
  year={2017},
  publisher={MIT press}
}

@book{tzafestas2013introduction,
  title={Introduction to mobile robot control},
  author={Tzafestas, Spyros G},
  year={2013},
  publisher={Elsevier}
}

@book{craig2006robotica,
  title={Rob{\'o}tica: John J. Craig},
  author={Craig, John J},
  year={2006},
  publisher={Pearson Educaci{\'o}n}
}

@inproceedings{nuaimisurveyindoorpositioning,
    title = {A survey of indoor positioning systems and algorithms},
    booktitle = {2011 International Conference on Innovations in Information Technology},
    author = {Nuaimi, Klaithem and Kamel, Hesham},
    year = {2011},
    journal = {2011 International Conference on Innovations in Information Technology, IIT 2011},
    doi = {10.1109/INNOVATIONS.2011.5893813}
}

@inproceedings{alammarsurveyindoor,
    title = {Comparative Survey of Indoor Positioning Technologies, Techniques, and Algorithms},
    booktitle = {Conference: 2014 International Conference on Cyberworlds (CW)},
    author = {Al-Ammar, Mai and Al-Hadhrami, Suheer and Al-Salman, Abdulmalik and Alarifi, Abdulrahman and Al-Khalifa, Hend and Alnafessah, Ahmad and Alsaleh, Mansour},
    year = {2014},
    doi = {10.1109/CW.2014.41}
}

@inproceedings{sariffpathplan,
    title = {An Overview of Autonomous Mobile Robot Path Planning Algorithms},
    booktitle = {4th Student Conference on Research and Development (Scored 2006), June 2006},
    author = {Sariff, N. and Buniyamin, Norlida},
    year = {2006},
    isbn = {978-1-4244-0526-8},
}

@article{phunopasomnirobot,
    author = {Phunopas, Amornphun and Inoue, Shinichi},
    year = {2018},
    title = {Motion Improvement of Four-Wheeled Omnidirectional Mobile Robots for Indoor Terrain},
    volume = {4},
    journal = {Journal of Robotics, Networking and Artificial Life},
    doi = {10.2991/jrnal.2018.4.4.4}
}

@article{palacinodometry,
    AUTHOR = {Palacín, Jordi and Rubies, Elena and Clotet, Eduard},
    TITLE = {Systematic Odometry Error Evaluation and Correction in a Human-Sized Three-Wheeled Omnidirectional Mobile Robot Using Flower-Shaped Calibration Trajectories},
    JOURNAL = {Applied Sciences},
    VOLUME = {12},
    YEAR = {2022},
    NUMBER = {5},
    ARTICLE-NUMBER = {2606},
    URL = {https://www.mdpi.com/2076-3417/12/5/2606},
    ISSN = {2076-3417}
}

@article{inianlinefollowcamera,
    author = {Inian Roy. A, Karthick raja. B, Chakkaravarthy. G and Arun Prakash. C},
    year = {2015},
    title = {Line following robot based on vision techniques },
    journal = {International Journal of Advanced Technology in Engineering and Science www.ijates.com }
}

@article{rijalusalamkinematics,
    title = {Implementation Kinematics Modeling and Odometry of Four Omni Wheel Mobile Robot on The Trajectory Planning and Motion Control Based Microcontroller},
    author = {Rijalusalam, Dhiya and Iswanto, Iswanto},
    year = {2021},
    volume = {2},
    journal = {Journal of Robotics and Control (JRC)},
    doi = {10.18196/jrc.25121}
}

@article{Rigatos01062007,
    author = {G. Rigatos and S. Tzafestas and},
    title = {Extended Kalman filtering for fuzzy modelling and multi-sensor fusion},
    journal = {Mathematical and Computer Modelling of Dynamical Systems},
    volume = {13},
    number = {3},
    pages = {251--266},
    year = {2007},
    publisher = {Taylor \& Francis},
    doi = {10.1080/01443610500212468}
}

@incollection{Bang18,
    author = {Youngjoo Kim and Hyochoong Bang},
    title = {Introduction to Kalman Filter and Its Applications},
    booktitle = {Introduction and Implementations of the Kalman Filter},
    publisher = {IntechOpen},
    address = {Rijeka},
    year = {2018},
    editor = {Felix Govaers},
    chapter = {2},
    doi = {10.5772/intechopen.80600},
    url = {https://doi.org/10.5772/intechopen.80600}
}

@inproceedings{islassistcontrolomni,
  title={Sistema de Control para el Desplazamiento Omnidireccional de un Robot Móvil},
  booktitle={Sistema de Control para el Desplazamiento Omnidireccional de un Robot Móvil},
  author={Islas García Pedro Fabián},
  year={2012}
}

@inproceedings{venkateshrfidultrasonic,
  title={Robot Navigation System with RFID and Ultrasonic Sensors},
  author={A. Seshanka Venkatesh, K. Vamsi Krishna, N.K.R. Swamy and P. Simhachalam},
  booktitle={International Journal of Engineering Research and Science},
  year={2016}
}

@inproceedings{aungultrasonic,
  title={Path Tracking Control of Obstacle Avoiding Robot Using Ultrasonic Sensor},
  author={Htike Htike Aung, Zaw Min Oo},
  booktitle={International Journal of Science and Engineering Applications, Technological University (Thanlyin)},
  year={2018}
}

@article{barry2016mastering,
  title={Mastering the FreeRTOS™ Real Time Kernel},
  author={Barry, Richard},
  journal={Texas, USA},
  year={2016}
}

@article{kolban2017kolban,
  title={Kolban’s Book on ESP32},
  author={Kolban, Neil},
  journal={Texas, USA},
  year={2017}
}

@inproceedings{micolini2016ecuacion,
  title={Ecuaci{\'o}n de estado generalizada para redes de Petri no aut{\'o}nomas y con distintos tipos de arcos},
  author={Micolini, Orlando and Cebollada, Marcelo and Eschoyez, Maximiliano and Ventre, Luis O and Schild, Marcelo},
  booktitle={XXII Congreso Argentino de Ciencias de la Computaci{\'o}n (CACIC 2016).},
  year={2016}
}

@article{micolini2022hermes,
  title={Hermes III: Robot Omnidireccional con capacidad de SLAM},
  author={Micolini, Orlando and Ventre, Luis Orlando and Coutinho, Agust{\'\i}n and Malatini, Hern{\'a}n and Ayme, Rub{\'e}n E},
  journal={Revista de la Facultad de Ciencias Exactas, F{\'\i}sicas y Naturales},
  volume={9},
  number={1},
  pages={31--38},
  year={2022}
}

@inproceedings{lichtensztein2014hermes,
  title={Hermes”: Sistema rob{\'o}tico embebido para la educaci{\'o}n},
  author={Lichtensztein, Leandro Federico and Micolini, Orlando and Cebollada, Marcelo},
  booktitle={Biennial Congress of Argentina (ARGENCON)},
  pages={310--315},
  year={2014}
}

@article{ayme2020hermes,
  title={Hermes II: Robot Educativo Holon{\'o}mico para la Ense{\~n}anza en Ingenier{\'\i}a},
  author={Ayme, Rub{\'e}n E and Micolini, Orlando and Ventre, Luis Orlando and Cabral, Ana B Garc{\'\i}a and Sagripanti, Sergio S},
  journal={Revista de la Facultad de Ciencias Exactas, F{\'\i}sicas y Naturales},
  volume={7},
  number={2},
  pages={63--71},
  year={2020}
}

@inproceedings{mahulea2014planning,
  title={Planning mobile robots with Boolean-based specifications},
  author={Mahulea, Cristian and Kloetzer, Marius},
  booktitle={53rd IEEE Conference on Decision and Control},
  pages={5137--5142},
  year={2014},
  organization={IEEE}
}

@article{mahulea2020multi,
  title={Multi-robot path planning with boolean specifications and collision avoidance},
  author={Mahulea, Cristian and Kloetzer, Marius and Lesage, Jean-Jacques},
  journal={IFAC-PapersOnLine},
  volume={53},
  number={4},
  pages={101--108},
  year={2020},
  publisher={Elsevier}
}

@article{cuevaspathfinding,
    author = {Danilo Alejandro Cuevas Guzmán},
    year = {2013},
    title = {Análisis de Algoritmos Pathfinding},
    journal = {Pontificia Universidad Catolica de Valparaiso},
}

@book{lanaro2017python,
  title={Python high performance},
  author={Lanaro, Gabriele},
  year={2017},
  publisher={Packt Publishing Ltd}
}

@book{dey2018hands,
  title={Hands-On Image Processing with Python: Expert techniques for advanced image analysis and effective interpretation of image data},
  author={Dey, Sandipan},
  year={2018},
  publisher={Packt Publishing Ltd}
}

@book{mendez,
author = {Palma Méndez José Tomas,  Garrido Carrera Maria del Carmen, Sanchez Figueroa Fernando and Quesada Arenciaba Alexis},
title = {Programación Concurrente},
year = "2003",
publisher = "Editorial Paraninfo",
}

@book{brams,
author = "Brams, G. W.",
title = "Las redes de Petri: teoría y práctica",
year = "1986",
publisher = "Masson",
address   = "Barcelona",
edition   = "Tomo 1",
isbn = "8431103930 9788431103934"
}

@article{petrinator,
  author       = "Joaquín Rodriguez Felici and Leandro José Assón", 
  title        = "Editor, simulador y analizador de Redes de Petri.",
  journal       = "UNC - Facultad de Ciencias Exactas Físicas y Naturales",
  year         = "2017",
  note         = "Tesis de grado",
}

@book{sommerville2005ingenieria,
  title={Ingenier{\'\i}a del software},
  author={Sommerville, Ian},
  year={2005},
  publisher={Pearson educaci{\'o}n}
}